@article{transformers,
 author = {Ashish Vaswani. Noam Shazeer. Niki Parmar. Jakob Uszkoreit. Llion Jones. Aidan N. Gomez. Lukasz Kaiser. Illia Polosukhin. },
 title = {Attention Is All You Need},
 journal = {31st Conference on Neural Information Processing Systems (NIPS 2017), Long Beach, CA, USA,},
 year = {2017}
}

@article{blip,
 author = {Junnan Li, Dongxu Li, Caiming Xiong y Steven Hoi.},
 title = {BLIP: Bootstrapping Language-Image Pre-training for Unified Vision-Language Understanding and Generation},
 journal = { Salesforce Research, deepai.org},
 year = {2022}
}

@article{clip,
 author = {Alec Radford. Jong Wook Kim. Chris Hallacy. Aditya Ramesh. Gabriel Goh. Sandhini Agarwal. Girish Sastry. Amanda Askell. Pamela Mishkin. Jack Clark. Gretchen Krueger. Ilya Sutskever.},
 title = {Learning Transferable Visual Models From Natural Language Supervision},
 journal = {OpenIA},
 year = {2021}
}

@article{gpt-4v,
    author = {Zhengyuan Yang. Linjie Li. Kevin Lin. Jianfeng Wang. Chung-Ching Lin. Zicheng Liu. Lijuan Wang.},
    title = {The Dawn of LMMs:Preliminary Explorations with GPT-4V(ision)},
    journal = {Microsoft Corporation},
    year = {2023},
    month = octubre
}

@article{llava,
    author = {Haotian Liu. Chunyuan Li. Qingyang Wu. Yong Jae Lee.},
    title = {Visual Instruction Tuning},
    journal = {Microsoft Research},
    year = {2023},
    month = abril
}
